@online{DowJonesHistory,
	author={MacroTrends},
	title={{Dow Jones 100 Year Historical Chart}},
	note={Acessado em 2019-07-17},
	url={https://www.macrotrends.net/1319/dow-jones-100-year-historical-chart},
}

@online{Masur,
	author={Masur},
	title={{R.N. Elliott, ``The Basis of the Wave Principle'', October 1940}},
	note={Acessado em 2019-07-17},
	url={https://commons.wikimedia.org/w/index.php?curid=1599960},
}

@online{ChromeV8,
	author={Google},
	title={{Engine Chrome V8}},
	note={Acessado em 2019-07-15},
	url={https://v8.dev/},
}

@online{Node.js,
	author={{Node.js Foundation}},
	title={{Node.js}},
	note={Acessado em 2019-07-15},
	url={https://nodejs.org/},
}

@online{NPM,
	author={{npm, Inc.}},
	title={{Node Pack Manager}},
	note={Acessado em 2019-07-15},
	url={https://www.npmjs.com/},
}

@online{ElectronJS,
	author={Electron},
	title={{Electron}},
	note={Acessado em 2019-07-15},
	url={https://electronjs.org/},
}

@online{Plotly,
	author={Plot.ly},
	title={{Plotly JS}},
	note={Acessado em 2019-07-15},
	url={https://plot.ly/javascript/},
}

@online{PapaParse,
	author={Matt Holt},
	title={{Papa Parse 5}},
	note={Acessado em 2019-07-15},
	url={https://www.papaparse.com/},
}

@online{NPMWeekly:18,
	author={{npm, Inc.}},
	title={{NPM Weekly 133}, 2018-02-15},
	note={Acessado em 2019-07-15},
	url={https://medium.com/npm-inc/npm-weekly-133-billions-of-packages-downloaded-621a5196593},
}

@online{UML,
	author={{OGM}},
	title={{Unified Model Language}},
	note={Acessado em 2019-07-16},
	url={https://www.uml.org/},
}

@book{Elliott:1938,
	title={{The Wave Principle}},
	author={R. N. Elliott, C. J. Collins},
	year={1938},
}

@book{Aroson:2006,
	title={{Evidence-Based Technical Analysis: Applying the Scientific Method and Statistical Inference to Trading Signals}},
	author={D. R. Aronson},
	pages={pg 61},
	publisher={John Wiley and Sons},
	year={2006},
}

@book{MandelbrotHudson:2004,
	title={The (mis)Behavior of Markets},
	publisher={Basic Books},
	author={B. Mandelbrot e R. L. Hudson},
	pages={pg 245},
	year={2004}
}

@article{Mandelbrot:1999,
	title={{A Multifractal Walk Down Wall Street}},
	journal={Scientific American},
	author={B. Mandelbrot},
	pages={pg 70},
	year={1999}
}

@online{MandelbrotHiprocrisy:1999,
	title={{A Multifractal Walk Down Wall Street}},
	journal={Scientific American},
	author={B. Mandelbrot},
	note={Acessado em 2019-07-18, Arquivado via Wayback Machine},
	url={https://web.archive.org/web/20070207113959/http://www.elliottwave.com/education/SciAmerican/Mandelbrot_Article2.htm},
}

@online{PrechterResponse:1999,
	title={{Scientific Controversy: Who Discovered Financial Fractals?}},
	author={R. R. Prechter},
	note={Acessado em 2019-07-18, Arquivado via Wayback Machine},
	url={https://web.archive.org/web/20070208084007/http://www.elliottwave.com/response/default.htm},
}

@article{Kruchten:1995,
	author = {P. Kruchten},
	title = {The 4+1 View Model of Architecture},
	journal = {IEEE Softw.},
	issue_date = {November 1995},
	volume = {12},
	number = {6},
	month = nov,
	year = {1995},
	issn = {0740-7459},
	pages = {42--50},
	numpages = {9},
	url = {http://dx.doi.org/10.1109/52.469759},
	doi = {10.1109/52.469759},
	acmid = {625529},
	publisher = {IEEE Computer Society Press},
	address = {Los Alamitos, CA, USA},
} 

@article{KrasnerPope:1988,
	title={{A cookbook for using the model-view controller user interface paradigm in Smalltalk-80}},
	journal={Journal of Object-Oriented Programming},
	volume = {1},
	number = {3},
	author={G. E. Krasner, S. T. Pope},
	pages={26--49},
	year={1988}
}

@book{Buschmann:1988,
	title={{Pattern-Oriented Software Archi-tecture: A System of Patterns}},
	publisher={John Wiley \& Sons},
	author={F. Buschmann},
	year={1996}
}

@article{TyreeAckerman:2005,
	title={{Architecture Decisions: De-mystifying Architecture}},
	journal={IEEE Software},
	author={J. Tyree, A. Ackerman},
	pages={19--27},
	year={2005}
}

@book{LoHasanhodzic:2010,
	title={The Evolution of Technical Analysis: Financial Prediction from Babylonian Tablets to Bloomberg Terminals},
	publisher={John Wiley \& Sons},
	author={A. W. Lo, J. Hasanhodzic},
	year={2010}
}

@book{Shimizu:1986,
	title={The Japanese Chart of Charts},
	publisher={Tokyo Futures Trading Publ. Co.},
	author={S. Shimizu},
	year={1986}
}

@book{StringhamCurott:2015,
	title={The Oxford Handbook of Austrian Economics},
	publisher={Oxford University Press},
	chapter={14},
	pages={pg 324--344},
	author={E. P. Stringham, N. A. Curott},
	year={2005}
}

@book{Greif:2006,
	title={Institutions and the Path to the Modern Economy: Lessons from Medieval Trade},
	publisher={Cambridge University Press},
	pages={pg 286},
	author={A. Greif},
	year={2006}
}

@article{Malmendier:2009,
	author = {U. Malmendier},
	title = {Law and Finance ``at the Origin''},
	journal = {Journal of Economic Literature},
	volume = {47},
	number = {4},
	year = {2009},
	pages = {1076--1108},
	url = {http://dx.doi.org/10.1257/jel.47.4.1076},
	doi = {10.1257/jel.47.4.1076},
} 


Malmendier, Ulrike (2009)
Law and Finance 'at the Origin'"


@book{PrechterFrost:2005,
	title={Elliott Wave Principle: Key to Market Behavior, Tenth Edition},
	publisher={New Classics Library},
	author={R. R. Prechter, A. J. Frost},
	year={2005}
}

@book{Neely:1990,
	title={Mastering Elliott Wave},
	publisher={Windsor Books for the Elliott Wave Institute},
	author={G. Neely, E. Hall},
	year={1990}
}

@book{KirkpatrickDahlquist:2006,
	title={Technical Analysis: The Complete Resource for Financial Market Technicians},
	publisher={FT Press},
	author={C. D. Kirkpatrick, J. A. Dahlquist},
	year={2006}
}

@manual{FCG:2007,
    organization = {First FCG Software Services},
    title = {{Applying 4+1 View Architecture with UML 2}},
    url = {http://www.sparxsystems.com/downloads/whitepapers/FCGSS\_US\_WP\_Applying\_4+1\_w\_UML2.pdf},
    year = {2007}
}
