@Misc{ChromeV8,
	title={{Engine Chrome V8}},
	howpublished={\url{https://v8.dev/}},
	note={Acessado em 2019-07-15}
}

@Misc{Node.js,
	title={{Node.js}},
	howpublished={\url{https://nodejs.org/}},
	note={Acessado em 2019-07-15}
}

@Misc{NPM,
	title={{Node Pack Manager, NPM}},
	howpublished={\url{https://www.npmjs.com/}},
	note={Acessado em 2019-07-15}
}

@Misc{ElectronJS,
	title={{Electron}},
	howpublished={\url{https://electronjs.org/}},
	note={Acessado em 2019-07-15}
}

@InCollection{Bailey:97,
  author = 		{David H. Bailey, Peter B. Borwein and Simon Plouffe},
  title = 	 	{On the Rapid Computation of Various Polylogarithmic Constants},
  booktitle =	{Mathematics of Computation},
  pages = 	 	{903â€“-913},
  volume =		{66},
  number = 		{218},
  year = 		{1997},
}